2640 4642
185 448 351 516 nonsatis
375 449 518 535 definiat,
547 450 592 514 ita
623 460 659 514 ut
688 451 759 536 ipse
789 452 830 514 de
860 472 943 515 nova
975 448 1118 536 pecunia
1146 423 1314 547 augurali

182 558 258 625 leno
282 560 323 624 de
344 569 481 645 argento
502 580 609 645 nuper
630 560 749 642 soluto,
770 569 838 624 tota
854 562 943 624 fraus
959 557 1138 646 positaest
1171 552 1264 623 Delas
1282 557 1314 619 ts

180 668 317 752 igitur
304 691 333 733 v
355 669 402 733 30
419 668 577 752 lc'goquc·
779 728 783 735 ,
1086 686 1090 693 ’

265 775 301 842 Si
330 800 382 863 qur
375 775 446 839 ad
468 796 542 838 cum
565 775 750 856 adveniant,
774 777 808 838 rit
829 774 888 840 sibi
912 774 1023 839 datum
1054 775 1127 839 daun
1159 784 1263 861 argon·
1290 752 1293 764 Ι

970 892 1092 948 .tum·
1102 880 1261 965 diem),

179 1657 255 1708 rota
270 1646 433 1732 jiqularr's’
469 1645 552 1709 nihil
583 1646 735 1728 valuisse,
758 1646 785 1709 si
808 1666 840 1710 v,
862 1645 903 1711 33
924 1655 957 1707 et
977 1642 1020 1708 34
1041 1643 1205 1731 Epidicus
1220 1642 1271 1713 ta

180 1776 253 1818 cum
285 1755 407 1818 fecerat
447 1754 723 1840 promiseratque,
756 1775 839 1840 quae
873 1752 1005 1818 omnino
1044 1753 1189 1821 efficere·
1216 1772 1272 1826 nun

182 1871 301 1946 posset

394 1971 455 2052 IV,
483 1972 509 2051 l,
531 1970 657 2077 «ΙΙ-»40
676 1969 833 2054 legimus:
986 2034 989 2039 ,
1064 2026 1070 2038 .
1310 2011 1312 2021 ·

539 2080 596 2144 Pe.
620 2078 693 2143 Eho
714 2076 820 2160 istinc,
842 2076 1015 2160 Canthara,
1035 2077 1113 2143 iube
1188 2132 1209 2141 .,

221 2228 225 2240 ·
256 2185 546 2272 Acropolistidem
569 2186 701 2272 prodire
723 2185 827 2249 filiam
849 2185 1210 2253 antonomasiam:
1256 2218 1270 2237 ··

182 2294 238 2363 Sic
257 2293 350 2361 enirn
372 2293 443 2378 VR,
464 2318 482 2359 a
507 2316 570 2379 quo
593 2295 626 2359 in
645 2293 754 2380 priore
770 2271 867 2359 versu
890 2295 1022 2380 vulgata
1042 2293 1141 2365 lectio
1165 2312 1275 2383 perpe

181 2411 250 2469 ran'r
275 2405 411 2471 multum
432 2403 560 2479 differt3
594 2412 705 2488 atquc.
719 2400 818 2467 etiam
850 2401 1105 2467 Ambrosianum
1128 2403 1273 2491 Acropo-

180 2513 298 2578 listidis
318 2533 440 2577 nornen
461 2510 650 2576 exhibuisse
677 2532 720 2574 ex
741 2510 898 2577 Ritsoheli
922 2509 1053 2577 schedis
1075 2511 1233 2597 cognovi,
1255 2570 1258 2575 .

267 2623 345 2706 Ipsa
355 2621 459 2705 igitur
470 2628 572 2684 matre
585 2628 755 2708 praesente
770 2640 875 2685 senex
890 2619 1168 2707 Acropolistidem
1179 2619 1276 2701 tiliana

182 2732 337 2814 nominat,
367 2731 419 2795 cui
443 2729 602 2795 Telestidi
630 2751 749 2795 nomen
773 2730 872 2797 fuisse
895 2752 937 2795 ex
964 2731 1006 2814 V,
1029 2732 1118 2812 1‚30
1140 2739 1276 2809 00an

180 2844 308 2929 Aperta
329 2839 508 2924 igitur-ost,
530 2839 647 2924 iuquit,
669 2838 777 2904 Plauti
799 2838 1027 2922 inconstantia,
1059 2850 1211 2928 apertum
1228 2843 1276 2915 ta·

179 2950 291 3015 bulum
313 2969 385 3013 esse
408 2970 452 3015 ex
468 2947 704 3013 contaminatis.
740 2947 787 3011 At
802 2971 898 3034 quam
910 2947 1154 3034 imprudentem
1168 2960 1274 3036 poeta,

181 3081 278 3145 quarn
297 3056 455 3123 insulsum
479 3079 514 3122 sc
531 3056 818 3121 contaminatorem
843 3056 1067 3144 praestitisset,
1083 3055 1110 3125 si
1124 3057 1276 3137 sinentis

180 3165 318 3231 utilitate
339 3165 465 3233 duabus
491 3164 706 3246 mulierculis,
730 3174 763 3229 et
784 3165 831 3228 fili
852 3165 974 3229 amicae
1007 3175 1040 3229 et
1072 3166 1201 3247 sorori,
1221 3186 1279 3255 per

181 3273 310 3341 fabulae
332 3282 460 3360 partem
481 3273 568 3339 idem
593 3293 711 3338 nomen
733 3293 805 3337 esse
829 3294 941 3359 passus
967 3281 1063 3347 esset.
1121 3271 1221 3352 Quod
1254 3271 1279 3345 ai

181 3383 314 3465 faceret,
337 3405 403 3448 non
426 3381 533 3468 potuit
554 3405 621 3447 non
643 3404 776 3470 prorsus
798 3380 916 3447 oblitus
939 3403 1022 3463 esse,
1045 3382 1191 3469 quodin
1212 3383 1280 3471 ipsa

181 3513 287 3574 mona,
310 3513 392 3578 quae
411 3491 584 3572 antecedit,
607 3501 769 3576 posucrat.
803 3489 888 3556 Nam
902 3499 1014 3555 contra
1028 3489 1164 3555 militem
1178 3493 1280 3569 Actor

183 3599 411 3686 polistidcma
438 3621 517 3666 sene
540 3608 731 3685 poscentem
751 3599 780 3664 is
800 3619 837 3665 sc
868 3598 992 3663 nullum
1021 3599 1154 3665 novisse
1188 3600 1284 3667 huius

183 3708 320 3779 nominis
344 3708 404 3773 uisi
421 3708 513 3773 illam
544 3707 710 3773 fidicinam
742 3706 809 3773 nati
836 3707 974 3773 amicam
1004 3708 1094 3773 claro
1123 3711 1280 3794 ostendit,

183 3817 334 3901 quoniam
358 3816 502 3902 alioquin
524 3818 615 3883 nullo
639 3817 746 3883 modo·
769 3838 835 3881 non
866 3826 992 3903 poterat
1022 3817 1108 3886 illius
1132 3819 1283 3907 Acropo-

255 4063 399 4132 meod
424 4063 526 4134 scripsi
544 4080 597 4133 pro
617 4063 682 4135 ‘quc'
703 4061 779 4132 qnod
797 4061 935 4116 traditum
955 4066 1006 4122 ost.
1031 4062 1110 4116 onius
1133 4065 1232 4118 tamen
1259 4022 1310 4121 in

181 4161 272 4217 ricem
288 4161 362 4217 auo
380 4176 438 4215 uon
455 4159 550 4217 deleto
569 4160 655 4232 ‘quoa'
673 4159 768 4229 potius
788 4162 942 4228 exspectes.
1005 4194 1008 4199 -
