2640 4642
102 97 240 250 Quasi
256 116 321 184 pro
331 97 387 161 illa
404 105 576 241 argeutum
590 96 763 183 acceperit,
786 116 868 189 quus
886 90 992 161 tecum
1011 93 1148 159 adducta

222 268 226 280 ,
925 202 1026 269 minc
1048 211 1105 266 est

47 313 103 380 Ex
129 244 180 380 his
201 336 312 381 uon-ue
334 312 463 397 mirum,
497 315 523 379 si
546 316 607 379 hac
627 314 719 380 omui
744 315 776 378 in
796 314 906 379 fabula
923 323 1051 377 contre
1048 313 1148 381 leno

50 444 127 488 nem
151 423 235 488 nihil
250 423 426 488 efficitur?
457 422 539 487 Num
564 423 684 488 nemini
702 424 862 508 profecto,
886 421 940 509 qui
956 442 1052 506 quum
1067 420 1149 484 huec

50 543 138 598 esset
161 531 274 596 fabula
295 532 436 618 simplex
458 532 490 595 et
514 555 578 596 une
608 541 641 596 et
672 553 744 595 cum
779 529 866 597 omni
901 528 1007 594 inutili
1040 550 1149 594 rerum

50 639 250 707 abundantis
270 663 396 722 carens,
418 650 487 705 tum
510 642 609 728 plens
631 652 739 704 tamen
763 650 862 724 etque
884 641 1027 727 perfectu
1054 660 1149 725 repu-

52 748 179 831 taverit,
200 748 357 814 credibile
371 748 547 814 uidebitur
568 748 730 814 interiisse
754 770 891 828 scenas,
926 747 1042 834 quibus
1072 745 1150 832 Epi-

52 855 144 921 dicus
161 856 300 920 sueszitr
320 857 472 921 lenonem
500 855 667 920 machinas
689 855 868 919 moliretur.
924 854 1020 920 Esset
1048 853 1151 939 igitur

52 965 133 1031 haec
168 986 259 1029 mera
293 965 414 1031 servuli
447 965 700 1049 vaniloquentia,
740 989 802 1052 qun
833 965 920 1028 inter
951 970 1151 1050 spectdtores

52 1077 177 1141 tle-suu
200 1077 378 1142 calliditate
401 1077 586 1162 opinionem
616 1100 682 1143 uon
706 1078 833 1165 poterut
862 1098 928 1141 neu
949 1075 1097 1140 minuere
1114 1088 1152 1140 et

53 1183 247 1267 debiliture3
266 1168 350 1251 ¹nou
374 1186 461 1250 enim
485 1194 662 1252 exsecutus·
680 1198 778 1267 esset,
807 1209 888 1273 quae
910 1207 952 1250 se
973 1194 1149 1274 perpetuu·

55 1303 164 1359 turum
192 1294 349 1379 gloriatus
382 1305 483 1359 eret·
508 1295 672 1376 ‘Accedit
695 1296 780 1378 quod
804 1296 848 1376 id,
875 1295 961 1381 quod
983 1293 1154 1382 promittit,

53 1403 174 1479 mirum
196 1410 300 1467 est-et
322 1424 462 1490 prorsus.
479 1402 685 1467 inauditum.'
707 1403 1013 1491 Numquumq'uum
1040 1411 1153 1468 contre

52 1512 190 1578 lenones
205 1511 243 1577 in
255 1556 259 1563 -
272 1510 440 1577 comoedia
463 1532 575 1575 omues
594 1522 668 1576 sunt
692 1511 767 1576 odio
792 1512 981 1576 inflammati
998 1522 1052 1576 ·et·
1075 1521 1151 1575 tum

54 1642 150 1707 quem
172 1619 331 1685 coniurati
352 1629 467 1703 utque,
500 1619 657 1706 quidquid
686 1620 823 1685 iniuriae
846 1620 890 1685 iis
913 1620 1152 1702 infertur·‚·huc

54 1727 124 1792 iure
150 1729 273 1792 fuctum
294 1727 425 1809 dicitur,
456 1729 674 1812 tumeu.quod
696 1729 879 1794 hiostsvns
900 1749 935 1792 se
951 1729 985 1792 iu'
1002 1729 1152 1792 leucueu'r

57 1836 313 1903 machinaturum
337 1837 602 1923 compromittit
626 1838 915 1902 omnem-imodum
938 1837 1070 1914 excedit
1093 1859 1155 1902 nec

56 1954 180 2011 tentum
203 1945 379 2010 inlucetum
404 1959 463 2029 est,
488 1948 545 2019 sed
562 1947 745 2013 absurdum.
761 1982 764 2001 =
781 1946 869 2030 Quid
894 1948 1009 2016 cuim?
1028 1946 1154 2027 Quem·-

55 2054 103 2120 uis
122 2057 246 2142 ·;neqsie
265 2056 389 2123 'lenoni
419 2077 530 2140 nequo
573 2058 676 2120 altere
698 2080 747 2120 -cx
770 2067 871 2144 parte
894 2053 1071 2143 Periphuni
1099 2065 1155 2119 eut

56 2163 218 2252 Apoecidi
240 2164 281 2228 de
299 2164 429 2230 fidicina
446 2167 570 2230 Thebis
592 2167 732 2231 adducta
755 2167 940 2254 quidquam·
955 2174 1092 2246 constet,
1113 2184 1155 2230 ex

58 2272 206 2358 negotio,
232 2274 319 2356 quod
341 2273 427 2338 inter
452 2296 510 2337 eos
533 2275 579 2356 lit,
602 2274 745 2359 speciem
768 2273 857 2357 oriri,
887 2271 976 2358 quusi
1008 2295 1067 2359 pro
1098 2272 1155 2337 ille

54 2386 229 2468 argeutum
253 2381 394 2445 solutum
415 2380 455 2443 sit
478 2391 510 2444 et
533 2392 717 2467 acceptum,
744 2404 839 2466 quam
862 2393 977 2446 neutra
1000 2404 1073 2464 pars
1095 2404 1155 2447 no·
1221 2432 1223 2436 ι

55 2490 154 2556 veriti
185 2489 301 2572 Quod
322 2489 349 2553 si
379 2490 450 2555 lieri
477 2491 597 2577 potuit,
632 2491 723 2555 diens
751 2491 860 2572 velim,
890 2489 968 2577 quid
999 2514 1065 2555 uon
1098 2512 1153 2578 po-

55 2598 171 2664 tuerit..
215 2599 327 2685 Atque
361 2608 481 2682 quanto
510 2600 704 2664 insolentior
725 2611 774 2665 est
797 2601 879 2664 haec
908 2601 993 2664 semi
1024 2600 1154 2682 fiducie,

56 2715 142 2772 tento
167 2706 272 2793 magis
293 2707 509 2792 flagitandum
530 2719 610 2790 erut,
644 2719 765 2795 utque
788 2709 901 2772 uiead
928 2708 1151 2775 tantumtaci*

15 2804 19 2811 ⁴
55 2838 129 2880 uus*
147 2815 285 2899 adgredi
308 2815 430 2898 uellet,
462 2815 571 2901 aliquo
604 2817 702 2882 modo
734 2818 966 2903 significaret
1001 2817 1089 2901 sed,
1114 2828 1155 2881 ut

56 2923 256 3010 supradixi,
289 2924 385 2990 huius
410 2926 456 2990 rei
480 2938 553 3012 post
582 2928 672 2991 nulla
700 2929 736 2992 fit
770 2928 900 2992 mentio.
954 2927 1023 2990 lum
1054 2925 1156 3010 igitur

54 3033 302 3122 siquuerimus,
339 3060 416 3100 uum
445 3059 503 3124 per
523 3037 832 3102 contaminationem
857 3037 903 3101 rei
923 3047 991 3100 tam
1015 3034 1153 3099 mirabili

54 3154 219 3231 tsmqeam
241 3148 291 3211 ub·
306 3144 494 3236 ipsopoetu
518 3148 683 3234 proiectae
705 3148 803 3213 fidem
825 3138 1066 3227 tucere'liccat,
1094 3168 1153 3209 cur

56 3255 169 3320 mihi
159 3280 194 3321 ιι]
216 3257 276 3321 huc
295 3259 424 3342 quidem
449 3259 568 3340 fabula,
598 3257 685 3340 quod
717 3256 789 3320 ad
781 3265 1009 3342 argumentum
1031 3255 1156 3338 attinet,

56 3375 143 3449 teuta
169 3388 244 3465 cum
277 3389 354 3431 euru
383 3373 469 3431 lactu
498 3366 685 3455 negandum
719 3387 789 3431 esse
817 3364 995 3445 videretur,
1021 3387 1150 3433 causam

54 3474 117 3538 ism
141 3448 267 3569 aperui.
298 3474 493 3567 Persuasum
516 3475 624 3563 igitur
638 3454 742 3540 habeo
760 3476 819 3561 hos
839 3497 953 3561 ¹versus
970 3497 1035 3557 nou
1058 3495 1154 3560 posse

54 3581 165 3647 illatos
185 3603 257 3648 esse
280 3584 339 3646 nisi
366 3585 405 3648 ab
429 3584 570 3666 homine,
595 3585 648 3672 qui
672 3607 736 3648 non
758 3583 885 3648 fabulae
902 3581 1152 3657 universamrn:

54 3690 179 3756 tiouem
211 3690 270 3755 sed
316 3691 411 3757 huius
445 3694 508 3758 loci
538 3705 666 3759 tentum
701 3692 742 3757 ad
773 3693 915 3756 lenones·
942 3690 1149 3762 lacessendos

55 3801 336 3890 opportunitatem
346 3813 534 3891 ··specturot,
566 3826 622 3868 seu
655 3804 682 3868 is
714 3823 826 3866 vorsus
846 3812 923 3867 ets
946 3801 1055 3865 vorbis
1079 3810 1150 3866 ete
