2640 4642
588 1103 677 1175 ,Ι.

162 1299 224 1383 De
253 1308 486 1407 argumento
518 1262 671 1385 fabulae
701 1282 882 1409 locisque⁴
905 1298 1051 1410 aliquot
1084 1298 1176 1382 inde

542 1444 772 1530 iudicandis.

159 1837 162 1844 .
197 1787 332 1853 Initium
354 1788 440 1852 facio
461 1790 500 1852 ab
522 1799 716 1873 argumento
739 1787 880 1869 fabulae,
902 1788 936 1851 in
959 1811 1053 1874 quam
1077 1790 1213 1877 inquisi—
1246 1766 1249 1779 Ι

114 1909 206 1962 turus
228 1920 310 1978 sum,
332 1898 512 1962 accuratius
536 1897 731 1980 enarrando,
754 1919 795 1961 ne
817 1896 964 1962 inutilem
983 1898 1081 1983 plane
1104 1909 1137 1963 et
1159 1924 1210 1967 su·

115 2027 355 2090 permaneam
391 2027 521 2093 operam
561 2006 746 2092 suscepisse
779 2005 919 2089 viderer,
956 2005 1043 2070 haud
1077 2009 1210 2075 veritus.

112 2113 266 2199 Namque
291 2114 379 2180 facili
403 2113 536 2199 negotio
561 2115 675 2179 licebit
699 2114 850 2179 evincere
863 2116 1060 2200 ‘complures
1082 2116 1210 2183 fabulae

115 2222 217 2304 loco,
240 2223 282 2287 de
304 2223 419 2306 quibus
441 2221 597 2287 iudicium
619 2243 661 2285 ex
682 2222 779 2287 totius
801 2232 995 2307 argumento
1018 2245 1210 2310 suspensum

114 2342 175 2415 est,
198 2355 218 2396 a
240 2332 318 2397 viria
340 2332 456 2413 doctis,
480 2331 565 2415 quod
586 2331 716 2395 fabulae
739 2353 896 2394 summam
919 2331 1024 2396 minus
1046 2344 1211 2419 curarent,

113 2451 168 2506 aut
191 2440 321 2505 omuino
343 2440 481 2504 intactos
503 2439 635 2503 relictos
658 2460 729 2503 esse
750 2448 890 2518 autnon
913 2459 985 2504 esse
1008 2453 1096 2505 recte
1115 2442 1210 2506 uesti-

113 2559 235 2629 matum
260 2559 328 2612 tum
352 2569 430 2611 vero
452 2547 514 2611 hoc
541 2548 686 2611 alterum·
702 2557 853 2612 nascetur
872 2547 1091 2631 commodum,
1114 2550 1212 2636 quod,

114 2656 303 2742 quicunque
330 2655 458 2743 Epidici
490 2656 550 2720 loci
584 2655 617 2719 in
641 2655 884 2720 contentionem
907 2656 1051 2741 venient,
1082 2679 1146 2741 quo
1169 2680 1211 2724 ex

113 2765 349 2830 sententiarum
370 2772 458 2831 nexu
483 2763 668 2851 deprompti
691 2763 766 2848 sint,
792 2765 887 2829 ctiam
910 2787 976 2830 non
1006 2766 1119 2831 moniti
1146 2789 1212 2832 me·

113 2873 314 2937 minerimus.
358 2872 542 2937 Audiamus
572 2892 653 2955 ergo
682 2871 822 2957 primum
853 2872 1007 2937 fabellam
1031 2875 1212 2941 secundum

113 3003 285 3047 scenarum
307 2980 458 3045 ordinem
478 2979 683 3067 explicatam.

194 3088 307 3155 Prima
322 3089 424 3174 igitur
438 3089 587 3155 inscena
603 3089 841 3174 Thesprionem
859 3111 1001 3175 seruum,
1023 3091 1079 3176 qui
1097 3091 1211 3156 erilem

112 3199 216 3264 filium
236 3198 282 3275 ¹in
304 3198 434 3263 ¹bellum
463 3199 596 3284 aliquod
619 3198 813 3264 Thebanum
834 3200 977 3285 armiger
999 3210 1130 3265 secutus
1152 3213 1211 3282 eet,

110 3306 188 3372 inde
198 3307 356 3372 reducem
362 3307 502 3395 Epidico
514 3320 674 3372 conservo
684 3329 742 3373 suo
755 3317 940 3373 narrantem
952 3307 1112 3389 audimus,
1121 3309 1209 3378 Stra·
1310 3299 1315 3304 ⁷

105 3416 292 3504 -tip'poelem
302 3437 397 3481 emm
408 3417 531 3483 Thebis
544 3425 681 3500 argento
692 3417 965 3503 foenore-sumptu
977 3417 1113 3482 amicam
1127 3418 1210 3483 mer-

103 3535 223 3590 catum
239 3547 310 3590 esee
325 3524 561 3610 danielemque,
584 3526 635 3590 cui
649 3525 793 3609 deberet,
804 3537 913 3591 seeum
926 3525 1112 3591 adduxisse.
1136 3527 1211 3608 Quo

114 3634 229 3700 nuntio
240 3635 373 3699 minime
386 3645 574 3722 exspectato
582 3633 711 3721 Epidioi
723 3634 850 3699 animus
858 3635 1211 3722 vehementer'pertur-

113 3744 224 3825 batum
248 3742 277 3807 is
290 3744 375 3809 enim
389 3743 490 3832 ipsius
504 3744 592 3809 erilis
609 3743 656 3808 fili
672 3752 789 3829 rogatu
815 3745 959 3830 priorem
984 3744 1054 3808 eius
1074 3745 1211 3810 amicum

118 3850 512 3918 Atheniensem-domum
536 3852 718 3918 adduxerat
737 3864 875 3936 argento
902 3863 1053 3941 emptam,
1085 3854 1212 3936 quoda

103 3982 205 4043 acue,
223 3960 276 4027 eui
286 3961 388 4029 filiam
401 3961 556 4048 spurium,
577 3961 735 4050 Epidauri
749 3971 862 4045 setam,
887 3985 955 4030 erse
965 3963 1108 4030 Athenis
1124 3963 1212 4052 apud

998 4075 1013 4128 l
