2640 4642
73 38 79 129 ,
645 39 667 77 0

60 176 75 287 i
109 194 333 261 doctissimum
354 195 546 283 impugnem
557 196 647 262 ‘mihi
669 196 835 285 proposui,
858 197 915 262 sed
933 206 969 263 nt
984 195 1207 285 quaestionem

68 394 73 409 α
110 307 150 370 ad
175 305 286 372 crisim
309 305 439 371 fabulae
457 307 700 392 gravissimam,
721 307 748 371 si
762 307 834 372 fieri
853 317 971 395 potest,
993 307 1160 373 absolvam
1175 307 1207 383 ¹).

193 415 305 499 Atque
330 415 452 502 primos
476 415 673 482 inexamen
688 439 768 481 voco
781 438 895 481 versus
919 415 1007 499 11,2,
1029 415 1206 480 108—109:

191 524 262 612 Ap.
305 502 439 612 hpidioe
460 525 581 590 habeas
604 525 753 612 gratiam.
792 525 853 614 Ep·
877 525 944 592 Sed
968 546 1033 608 ego
1055 527 1139 591 istuc
1164 528 1207 591 fa·

943 634 1029 722 ciam
1050 633 1166 699 sedulo

197 717 269 827 Pgo
291 740 384 806 illum
408 741 600 807 conveniam
628 746 725 830 atque
746 741 905 807 adducam
929 742 992 807 huc
1014 741 1055 807 aid
1076 750 1108 807 te
1132 763 1209 828 quo*

186 904 190 909 .
944 835 1014 915 'iast
1033 849 1168 914 fidicina

109 958 276 1046 Epidicus
291 958 415 1024 scilieet
437 959 616 1043 diligenter
638 967 740 1042 cavet,
770 981 811 1023 ne
835 982 929 1024 senes
953 960 1094 1023 animum
1117 959 1208 1024 colli·

107 1076 189 1153 gant
208 1089 344 1154 remque
368 1068 531 1155 quomodo
555 1068 677 1151 optime
701 1068 871 1135 instituant
899 1078 949 1134 sat
981 1068 1106 1156 possint
1128 1065 1208 1132 deli·

106 1177 238 1258 h'erare3
262 1187 314 1242 eat
333 1176 420 1243 enim
440 1176 480 1259 ei,
503 1186 538 1242 ut
561 1176 631 1263 ipse
657 1176 691 1241 in
714 1187 867 1264 quantum
885 1175 982 1240 liceat
998 1176 1044 1240 rei
1060 1176 1208 1260 agendae

107 1296 340 1376 praeponatur,
363 1304 491 1352 summe
513 1307 615 1373 opere
641 1265 833 1368 curandum,
857 1285 1069 1373 quamobrem
1091 1306 1132 1350 ne
1163 1284 1209 1351 ni·

108 1395 209 1460 mium
232 1396 399 1482 poscendo
426 1396 638 1482 suspitionem
660 1404 774 1460 contra
800 1402 990 1472 semoveat,
1013 1394 1119 1481 primo
1138 1393 1210 1477 qui·

108 1505 196 1589 dem,
218 1514 255 1570 ut
275 1514 460 1590 argentum,
486 1503 573 1591 quod
596 1503 868 1589 intercipiendum
892 1513 950 1584 est,
974 1503 1013 1567 ab
1035 1502 1208 1590 Apoecide

108 1614 149 1678 ad
168 1614 323 1681 lenonem
349 1615 515 1679 deferatur
536 1613 697 1695 concedit,
722 1635 798 1677 mox
828 1634 859 1675 v.
874 1613 945 1692 110,
964 1623 1136 1698 postquam
1156 1631 1207 1675 re·
1311 1679 1319 1685 ,

106 1721 197 1811 liquo
216 1743 252 1789 se
274 1722 383 1811 ipsum
402 1723 704 1789 administraturum
728 1741 802 1787 esse
825 1719 989 1807 pollicitus
1014 1728 1073 1802 est,
1105 1727 1210 1783 astute

109 1853 170 1918 pro
190 1854 257 1899 uno
271 1831 439 1918 Apoecide
461 1831 508 1896 rei
534 1831 742 1916 argentariae
764 1829 927 1915 praefecto
950 1850 985 1893 se
1009 1829 1114 1915 ipsum
1135 1850 1210 1892 cum

109 1940 282 2028 Apoecide
295 1941 459 2028 supponit.
494 1941 590 2024 Quod
609 1941 635 2007 si
651 1942 766 2006 horum
784 1959 935 2009 versuum
950 1939 1094 2027 priorem
1109 1939 1208 2003 etiam

110 2051 313 2123 recentiores
341 2050 483 2117 editores
509 2050 675 2137 integrum
705 2049 868 2116 debebant
895 2049 1093 2136 relinquere,
1126 2047 1210 2112 aiter

109 2169 164 2223 aut
187 2159 338 2225 Plautum
362 2168 416 2223 aut
440 2148 586 2223 edito'res
614 2169 669 2223 aut
699 2180 751 2223 me
780 2157 1010 2224 dormitantem
1037 2157 1123 2221 hune
1145 2166 1208 2221 tra·

110 2267 250 2332 ctavisse
274 2269 381 2334 locum
409 2268 550 2334 evincet.
598 2267 682 2335 Nam
710 2266 772 2332 nisi
804 2265 940 2352 egregie
968 2265 1065 2331 fallor
1088 2287 1211 2348 corum,

110 2398 195 2463 quae
234 2377 299 2443 iam
336 2400 384 2459 ,ex
417 2388 523 2444 astuto
563 2400 622 2444 suo
667 2374 836 2441 mendacio
875 2399 895 2440 a
928 2375 1059 2441 senibus
1098 2396 1211 2440 servus

109 2486 310 2576 impetravit,
333 2510 494 2555 surnmum
517 2487 579 2551 hoc
603 2494 663 2567 est,
697 2506 739 2550 ne
762 2485 966 2573 Periphanes
987 2507 1059 2550 cum
1084 2484 1212 2567 lenone,

111 2598 209 2685 quoia
232 2607 301 2665 erat
322 2594 465 2676 fidicina,
492 2595 533 2660 dc
559 2617 597 2658 ea
618 2592 758 2662 emenda
780 2593 851 2682 ipse
871 2603 957 2679 agat.
1000 2591 1092 2676 Ideo,
1113 2603 1151 2656 ut
1171 2594 1211 2659 ab

111 2705 173 2770 hoc
195 2727 271 2770 cum
298 2704 466 2785 retineret,
496 2704 536 2768 ad
560 2704 797 2795 difficultatem,
829 2724 910 2787 quae
934 2701 1065 2768 evenire
1091 2713 1211 2789 posset,

109 2814 136 2878 si
159 2813 232 2900 ipse
253 2813 456 2899 Periphanes
477 2811 517 2876 ad
541 2813 695 2877 lenonem
717 2821 888 2898 argentum
912 2810 1066 2893 deferret,
1097 2832 1211 2876 senum

111 2932 255 2988 mentem
281 2921 467 2986 adverterat
490 2944 520 2989 v.
545 2921 612 2987 105.
646 2919 734 3002 Quid
749 2920 873 3007 igitur?
897 2920 960 2985 Illa
973 2942 1026 2985 res
1039 2929 1212 3007 postquam

112 3030 140 3096 ei
163 3030 385 3119 prosperrime
410 3030 518 3112 cessit,
543 3031 758 3095 credemusne
782 3050 857 3094 eum
875 3028 915 3093 ad
933 3028 1152 3116 Periphanem
1177 3049 1212 3091 se

111 3140 265 3229 lenonem
290 3139 508 3204 adducturum
532 3161 601 3205 esse
623 3138 710 3203 ultro
732 3137 930 3225 promisisse,
962 3137 1048 3222 quod
1082 3136 1212 3221 quidem

112 3248 294 3329 sifaceret,
320 3247 415 3312 dolus
438 3247 478 3312 ad
503 3246 671 3313 dimidiam
691 3256 816 3332 partem
838 3247 901 3310 iam
919 3245 1091 3334 expeditus
1108 3243 1213 3311 omnis

113 3357 305 3425 interierat?
341 3356 439 3440 Quali
463 3357 623 3443 promisso
646 3356 672 3422 si
695 3357 809 3438 stabat,
831 3376 865 3421 se
888 3376 953 3421 non
976 3365 1122 3420 metuere
1145 3358 1214 3421 sus'·

189 3533 215 3602 1)
235 3532 283 3586 Fr.
293 3531 463 3586 Ritsehelius
476 3535 610 3585 consueta
624 3530 792 3584 liberalitate
802 3533 970 3598 apparatum
986 3547 1066 3582 suum
1084 3529 1214 3584 criticum

112 3633 182 3687 mihi
199 3630 336 3686 nundum
354 3630 491 3700 permisit,
520 3630 599 3683 cuius
622 3628 783 3683 exochadis
802 3644 872 3696 quae
893 3629 927 3683 de
946 3629 1007 3682 eod.
1027 3627 1214 3683 Ambrosiano

113 3733 162 3781 sut
181 3727 217 3782 do
235 3726 339 3782 Vetere
360 3727 466 3791 refero,
489 3726 523 3779 iis
546 3726 675 3780 omnibus
703 3728 752 3778 aut
774 3724 825 3778 AR
848 3730 898 3778 aut
914 3725 965 3779 VR
987 3728 1070 3779 notas
1093 3741 1214 3794 appono.

115 3826 166 3880 Cui
184 3823 324 3880 carissimi
339 3823 533 3893 praeceptoris
551 3822 721 3894 benignitati
739 3825 873 3891 quantum
891 3822 1017 3887 debeam,
1037 3822 1085 3892 qui
1104 3822 1133 3876 in
1150 3839 1215 3877 con·

114 3922 226 3978 diciorm
241 3937 320 3977 mese
337 3920 422 3976 simili
438 3919 554 3974 fuerunt
571 3919 768 3975 aestimabunt
