2640 4642
658 259 681 324 4

120 440 168 506 sic
189 440 413 507 administrata
435 450 575 526 enarrat,
603 442 694 508 cuius
718 441 764 513 nei
787 441 894 526 gratia
917 441 993 508 ilico
1017 442 1156 509 solvitur
1179 466 1216 509 ac

118 551 269 651 libertato
292 551 442 618 donatur.
464 552 507 634 -V,
529 553 559 618 2.

204 660 255 726 En
278 661 418 742 fabulae,¹
450 683 544 748 quam
568 683 670 748 aequo
692 684 730 725 ac
754 683 789 726 se
818 661 925 748 ipsum
953 663 1079 726 amabat
1109 671 1216 746 pocta,

120 767 348 855 argumentum
371 780 419 832 sat
442 768 525 834 illud
548 769 680 856 quidem
698 768 900 851 intricatum,
926 769 985 834 sed
1006 779 1114 834 tamen
1133 771 1215 835 bene

121 880 339 965 compositum
353 878 610 964 expolitumque.
644 879 746 944 Nulla
766 878 850 942 enim
864 887 913 942 est
924 901 1031 960 scena,
1054 902 1096 944 ue
1108 889 1214 943 actum

120 986 238 1071 dicam,
267 1008 348 1070 quae
379 1009 445 1052 non
472 1009 544 1052 cum
569 988 697 1053 fabulae
722 1009 846 1052 summa
874 988 1054 1052 arctissimo
1084 988 1214 1052 viuculo

120 1095 296 1160 coniuncta
307 1096 359 1176 sit,
381 1096 472 1161 nulla
485 1106 591 1160 exstat
603 1119 752 1184 persona,
776 1096 854 1179 quin
865 1096 906 1161 sit
927 1094 1139 1160 adactionem
1163 1107 1216 1160 aut

119 1204 375 1293 praeparandam
398 1215 453 1269 aut
474 1205 729 1293 promovendam
753 1205 889 1270 alicuius
908 1205 1073 1271 momenti.
1096 1204 1213 1270 Nullus

122 1313 175 1378 hic
197 1313 367 1400 parasitus,
389 1315 500 1379 nullus
520 1325 570 1380 est
591 1338 724 1406 coquus,
747 1314 801 1400 qui
819 1314 1003 1379 universam
1021 1314 1149 1378 fabulae
1169 1339 1214 1379 ra·

121 1423 242 1488 tionem
267 1422 349 1487 nihil
374 1445 489 1487 curans
510 1423 666 1488 ridiculas
688 1446 761 1487 suas
778 1423 893 1487 fundat
906 1422 1077 1488 orationes.
1111 1425 1214 1489 Immo

123 1552 280 1618 perquam
303 1535 433 1598 concisa
456 1543 505 1599 cst
527 1535 650 1622 copiosi
673 1534 857 1618 argumenti
883 1532 1043 1616 tractatio,
1065 1540 1148 1616 quae
1171 1544 1215 1596 ta·

70 1675 79 1690 ·
121 1664 194 1707 meu
222 1643 364 1707 brevitas
385 1653 508 1706 tantum
530 1643 623 1708 abest
641 1654 676 1706 ut
691 1642 966 1729 negligentiorem
982 1642 1212 1707 remissiorem·

123 1770 186 1836 que
209 1771 341 1838 operam
364 1751 491 1836 prodat,
512 1761 548 1814 ut
567 1751 610 1814 sit
631 1751 845 1815 certissimum
867 1773 965 1815 curae
985 1758 1017 1814 et
1031 1750 1214 1815 meditatio-

122 1858 173 1923 nis
194 1858 362 1923 indicium.
395 1859 550 1940 Quamvis
574 1881 653 1923 vcro
674 1858 714 1922 ad
739 1881 896 1923 summam
921 1857 1031 1923 fabula
1052 1858 1215 1924 elaborata

121 1966 163 2030 sit
185 1977 217 2031 et
239 1967 395 2054 expolita,
425 1967 585 2054 quaedam
610 1976 717 2030 tamen
749 1975 889 2051 exstant,
920 1987 1002 2052 quae
1032 1966 1058 2033 si
1088 1964 1216 2030 admisit

120 2087 228 2161 poeta,
248 2076 283 2139 iu
304 2075 450 2140 hiscum
472 2077 601 2140 fabulae
624 2076 783 2140 rationem
799 2075 982 2140 deseruisse
995 2084 1092 2162 atque
1105 2095 1214 2139 secum

120 2184 337 2271 repugnantia
360 2185 509 2270 posuisse
538 2186 706 2250 fatendum
732 2195 790 2249 est.
834 2184 949 2270 Itaque
979 2183 1020 2249 ad
1050 2184 1130 2247 hacc
1159 2185 1212 2267 qui

120 2293 242 2381 primus
266 2294 455 2379 diligentius
477 2294 620 2359 animum
644 2292 1144 2378 advertitLadewigiusfdiurn.
1159 2317 1213 2356 an·

120 2402 453 2490 tiqu.184lp.1079,
483 2402 653 2491 Epidicum
687 2402 828 2467 fabulam
860 2403 893 2466 iu
927 2402 1213 2466 contaminatarum

123 2511 270 2594 ordinem
293 2511 418 2596 recepit
444 2522 541 2598 atque
569 2512 651 2575 adeo
685 2512 814 2576 fabulae
843 2520 934 2575 actus
959 2532 1145 2594 soenaeque
1174 2533 1214 2575 ex

1 2615 3 2621 ’
117 2620 180 2684 hoc
204 2642 245 2684 an
269 2641 310 2683 ex
334 2619 390 2682 illo
416 2618 546 2685 Graeco
570 2619 751 2704 exemplari
777 2617 966 2705 desumptae
996 2627 1105 2682 essent
1132 2618 1212 2683 indi·

118 2729 214 2793 cavit.
257 2729 315 2811 At,
341 2729 390 2792 fac
414 2749 485 2792 esse
504 2728 647 2792 fabulam
678 2728 938 2809 contaminatam,
967 2726 1045 2813 quid
1074 2727 1201 2795 lucrabi

119 2830 215 2895 mur?
238 2830 357 2897 Nonne
382 2830 477 2895 etiam
500 2830 605 2915 magis
620 2831 805 2895 mirandum
815 2829 879 2894 erit
895 2838 1035 2916 poetam,
1060 2827 1202 2914 quitanta

117 2938 292 3023 diligentia
322 2939 457 3003 duarum
486 2938 669 3002 fabularum
699 2947 892 3023 argumenta
916 2937 1001 3000 inter
1024 2957 1058 3000 se
1084 2957 1201 3022 compo

110 3057 222 3132 neret,
250 3056 286 3111 ut
307 3068 348 3112 ex
373 3047 411 3110 iis
444 3068 520 3111 rere
544 3070 639 3114 uuam
668 3049 802 3131 faceret,
833 3045 978 3120 cundem
1003 3045 1036 3107 in
1066 3044 1200 3130 singulis

118 3166 349 3240 quaetamen,
378 3157 404 3222 si
426 3156 557 3241 quidem
586 3156 726 3243 scripsit,
756 3179 831 3220 cum
860 3155 930 3242 ipso
964 3154 1093 3219 fabulae
1115 3177 1198 3240 argu

109 3274 225 3331 mento
250 3264 430 3330 arctissime
452 3267 676 3348 cohaererent,
706 3264 784 3349 quid
807 3263 945 3329 consilio
968 3287 987 3328 a
1009 3285 1043 3329 se
1065 3263 1197 3328 institut

117 3376 316 3439 conveniens
339 3382 424 3440 esset
443 3396 509 3440 non
532 3373 720 3441 curavisse?
743 3373 822 3440 Scio
839 3373 981 3458 quidem,
1006 3394 1100 3458 quarm
1114 3374 1197 3437 mult

116 3482 188 3546 aliis
209 3484 243 3547 in
264 3482 382 3549 fabulis
407 3506 431 3548 e⁴
448 3484 723 3551 contaminatione
748 3494 838 3548 recte
861 3483 925 3556 sint
947 3481 1127 3569 explicata3
1157 3504 1188 3546 sc

117 3591 234 3675 quales
255 3601 332 3657 sunt
353 3592 416 3656 hae
438 3592 473 3656 in
494 3593 633 3684 Epidico
656 3593 870 3671 offensiones,
889 3590 1150 3675 quidLadewigi

110 3699 391 3765 contaminatione
413 3701 574 3767 sententia
596 3701 741 3765 utilitatis
764 3701 881 3764 habeat
903 3722 969 3764 non
991 3698 1122 3763 video..

116 3808 267 3874 cedamus
289 3808 390 3896 igitur
413 3809 454 3874 ad
480 3810 570 3875 locos
592 3809 633 3874 ad
661 3808 856 3875 sententiam
881 3810 922 3874 ab
945 3809 1001 3871 illo
1023 3808 1139 3880 firman

114 3918 271 4005 prolatos.
303 3920 344 3984 Iu
368 3919 484 4004 quibus
508 3919 533 3983 si
555 3940 622 3985 non
646 3940 698 3983 me
722 3917 874 3982 contineo
897 3915 1135 3998 examinandis,

115 4049 175 4113 pro
201 4049 273 4092 meo
298 4027 432 4092 arbitrio
455 4026 536 4091 alios
554 4027 722 4112 quosdam,
744 4025 848 4110 quiin
867 4026 1139 4101 candemsenten*

115 4136 357 4223 trahi-possint,
380 4133 535 4222 adiungo,
555 4133 636 4205 haec
660 4156 757 4203 cansa
780 4133 851 4227 erit,
874 4133 1041 4221 quodnon
1059 4131 1138 4197 utri
